<collection xmlns="http://www.loc.gov/MARC21/slim">
<record>
  <leader>01255nam0a22002531i 450 </leader>
  <controlfield tag="001">IT\ICCU\CNCE\076928</controlfield>
  <controlfield tag="005">20111103000000.0</controlfield>
  <datafield tag="012" ind1=" " ind2=" ">
    <subfield code="a">a-o- bete r-gi baat (C) 1600 (Q)</subfield>
    <subfield code="2">fei</subfield>
  </datafield>
  <datafield tag="100" ind1=" " ind2=" ">
    <subfield code="a">20111102f1600        0itac0103    ba</subfield>
  </datafield>
  <datafield tag="101" ind1=" " ind2=" ">
    <subfield code="a">ITA</subfield>
  </datafield>
  <datafield tag="102" ind1=" " ind2=" ">
    <subfield code="a">IT</subfield>
  </datafield>
  <datafield tag="200" ind1="1" ind2=" ">
    <subfield code="a">Deliberatione delli infrascritti illustriss. delegati dall&apos;eccellentissimo Senato sopra la Piaue, terminata nel contado di S. Polo, alli 18. d&apos;aprile 1600. con tutti i voti delle loro signorie illustrissime ...</subfield>
  </datafield>
  <datafield tag="210" ind1=" " ind2=" ">
    <subfield code="e">\Venezia!</subfield>
    <subfield code="g">stampata in Calle dalle Rasse</subfield>
    <subfield code="h">\1600?!</subfield>
  </datafield>
  <datafield tag="215" ind1=" " ind2=" ">
    <subfield code="a">\2! c.</subfield>
    <subfield code="d">4ʻ</subfield>
  </datafield>
  <datafield tag="620" ind1=" " ind2=" ">
    <subfield code="a">IT</subfield>
    <subfield code="d">Venezia</subfield>
  </datafield>
  <datafield tag="710" ind1="0" ind2="2">
    <subfield code="a">Venezia</subfield>
    <subfield code="c"> &lt;Repubblica&gt;</subfield>
    <subfield code="3">9491</subfield>
  </datafield>
  <datafield tag="712" ind1="0" ind2="2">
    <subfield code="a">Venezia</subfield>
    <subfield code="c"> &lt;Repubblica&gt;</subfield>
    <subfield code="b"> : Senato</subfield>
    <subfield code="3">IT\ICCU\CNCA\010528</subfield>
  </datafield>
  <datafield tag="712" ind1="0" ind2="0">
    <subfield code="a">Rampazetto, Giovanni Antonio</subfield>
    <subfield code="3">IT\ICCU\CNCT\000323</subfield>
    <subfield code="4">650</subfield>
  </datafield>
  <datafield tag="791" ind1="0" ind2="2">
    <subfield code="a">Venezia</subfield>
    <subfield code="c"> &lt;Repubblica&gt; : Consiglio dei Pregadi</subfield>
    <subfield code="3">29443</subfield>
    <subfield code="z">Venezia &lt;Repubblica&gt; : Senato</subfield>
  </datafield>
  <datafield tag="791" ind1="0" ind2="0">
    <subfield code="a">Rampazzetto, Giovanni Antonio</subfield>
    <subfield code="3">IT\ICCU\CNCT\005290</subfield>
    <subfield code="z">Rampazetto, Giovanni Antonio</subfield>
  </datafield>
  <datafield tag="791" ind1="0" ind2="0">
    <subfield code="a">Rampazettus, Ioannes Antonius</subfield>
    <subfield code="3">IT\ICCU\CNCT\005291</subfield>
    <subfield code="z">Rampazetto, Giovanni Antonio</subfield>
  </datafield>
  <datafield tag="791" ind1="0" ind2="0">
    <subfield code="a">Rampazetus, Ioannes Antonius</subfield>
    <subfield code="3">IT\ICCU\CNCT\005292</subfield>
    <subfield code="z">Rampazetto, Giovanni Antonio</subfield>
  </datafield>
  <datafield tag="801" ind1=" " ind2="3">
    <subfield code="a">IT</subfield>
    <subfield code="b">ICCU</subfield>
    <subfield code="c">20201115</subfield>
  </datafield>
  <datafield tag="899" ind1=" " ind2=" ">
    <subfield code="a">Biblioteca Casanatense. Roma</subfield>
    <subfield code="1">RM0313</subfield>
    <subfield code="2">RML 07</subfield>
  </datafield>
</record>
</collection>
